% ARTICLES--------------------------------------------------

@article{allen2016linking,
    author = {Allen, Andrew M. and Singh, Navinder J.},
    title = {{Linking Movement Ecology with Wildlife Management and Conservation}},
    journal = {Frontiers in Ecology and Evolution},
    volume = {3},
    pages = {155},
    year = {2016},
    doi = {10.3389/fevo.2015.00155}
}

@article{baldi2015assessing,
    author = {P. Baldi and S. Brunak and Y. Chauvin and C. A. F. Andersen and H. Nielsen},
    title = {{Assessing the accuracy of prediction algorithms for classification: an overview}},
    journal = {Bioinformatics},
    volume = {16},
    number = {5},
    pages = {412--424},
    year = {2000},
    doi = {10.1093/bioinformatics/16.5.412}
}

@article{barraquand2008animal,
    author = {Barraquand, Fr\'{e}d\'{e}ric and Benhamou, Simon},
    title = {{Animal movements in heterogeneous landscapes: identifying profitable places and homogeneous movement bouts}},
    journal = {Ecology},
    volume = {89},
    number = {12},
    pages = {3336--3348},
    year = {2008},
    doi = {10.1890/08-0162.1}
}

@article{berger2015recursive,
    author = {Berger-Tal, Oded and Bar-David, Shirli},
    title = {{Recursive movement patterns: review and synthesis across species}},
    journal = {Ecosphere},
    volume = {6},
    number = {9},
    pages = {149},
    year = {2015},
    doi = {10.1890/ES15-00106.1}
}

@article{bischofberger2019werden,
    author = {Bischofberger, I and Kamrad, M and Wasmund, N and Sindl, L and Bayo, R and Katzenberger, J and Laux, A and M\"{u}ller, B and Horchler, B and Helms, F and Beining, F and Michels, P and Stricker, V and Kr\"{a}mer, M and Gottschalk, E},
    title = {{Werden junge Rotmilane Milvus milvus satt? -- Nahrungsmengen und Nahrungszusammensetzung in drei Regionen Deutschlands}},
    journal = {Vogelwelt},
    volume = {139},
    pages = {87--99},
    year = {2019}
}

@article{bowgen2022curves,
    author = {Bowgen, Katharine M. and Dodd, Stephen G. and Lindley, Patrick and Burton, Niall H. K. and Taylor, Rachel C.},
    title = {{Curves for Curlew: Identifying Curlew breeding status from GPS tracking data}},
    journal = {Ecology and Evolution},
    volume = {12},
    number = {12},
    pages = {e9509},
    year = {2022},
    doi = {10.1002/ece3.9509}
}

@article{bracis2018revisit,
    author = {Bracis, Chloe and Bildstein, Keith L. and Mueller, Thomas},
    title = {{Revisitation analysis uncovers spatio-temporal patterns in animal movement data}},
    journal = {Ecography},
    volume = {41},
    number = {11},
    pages = {1801--1811},
    year = {2018},
    doi = {10.1111/ecog.03618}
}

@article{buerkner2017brms,
    title = {{brms}: An {R} Package for {Bayesian} Multilevel Models
      Using {Stan}},
    author = {Paul-Christian B{\"u}rkner},
    journal = {Journal of Statistical Software},
    year = {2017},
    volume = {80},
    number = {1},
    pages = {1--28},
    doi = {10.18637/jss.v080.i01}
}

@article{burgman2003bias,
    author = {Burgman, Mark A and Fox, Julian C},
    title = {{Bias in species range estimates from minimum convex polygons: implications for conservation and options for improved planning}},
    journal = {Animal Conservation Forum},
    volume = {6},
    number = {1},
    pages = {19--28},
    year = {2003},
    doi = {10.1017/S1367943003003044}
}

@article{burt1943territoriality,
    author = {William Henry Burt},
    title = {{Territoriality and Home Range Concepts as Applied to Mammals}},
    journal = {Journal of Mammalogy},
    volume = {24},
    number = {3},
    pages = {346--352},
    year = {1943},
    doi = {10.2307/1374834}
}

@article{bustamante1993post,
    author = {Bustamante, J.},
    title = {{Post-fledging dependence period and development of flight and hunting behaviour in the Red Kite \textit{Milvus milvus}}},
    journal = {Bird Study},
    volume = {40},
    number = {3},
    pages = {181--188},
    year  = {1993},
    doi = {10.1080/00063659309477181}
}

@article{cereghetti2019quantification,
    author = {Eva Cereghetti and Patrick Scherler and Julien Fattebert and Martin U. Gr\"{u}ebler},
    title = {{Quantification of anthropogenic food subsidies to an avian facultative scavenger in urban and rural habitats}},
    journal = {Landscape and Urban Planning},
    volume = {190},
    pages = {103606},
    year = {2019},
    doi = {10.1016/j.landurbplan.2019.103606}
}

@article{chicco2020advantages,
    author = {Chicco, Davide and Jurman, Giuseppe},
    title = {{The advantages of the Matthews correlation coefficient (MCC) over F1 score and accuracy in binary classification evaluation}},
    journal = {BMC Genomics},
    volume = {21},
    pages = {6},
    year = {2020},
    doi = {10.1186/s12864-019-6413-7}
}

@article{chicco2021mcc,
    author = {Chicco, Davide and Warrens, Matthijs J. and Jurman, Giuseppe},
    title = {{The Matthews Correlation Coefficient (MCC) is More Informative Than Cohenâ€™s Kappa and Brier Score in Binary Classification Assessment}},
    journal = {IEEE Access},
    volume = {9},
    pages = {78368--78381},
    year = {2021},
    doi = {10.1109/ACCESS.2021.3084050}
}

@article{cohen1960coefficient,
    author = {Cohen, Jacob},
    title = {{A coefficient of agreement for nominal scales}},
    journal = {Educational and Psychological Measurement},
    volume = {20},
    number = {1},
    pages = {37--46},
    year = {1960},
    doi = {10.1177/001316446002000104}
}

@article{crespo2020analysis,
    author = {Gabriela Crespo-Luengo and Ricardo Enrique Hern\'{a}ndez-Lambra\~{n}o and Iv\'{a}n Barbero-Bermejo and Jos\'{e} \'{A}ngel S\'{a}nchez-Agudo},
    title = {{Analysis of Spatio-Temporal Patterns of Red Kite Milvus milvus Electrocution}},
    volume = {67},
    journal = {Ardeola},
    number = {2},
    publisher = {Spanish Society of Ornithology},
    pages = {247--268},
    year = {2020},
    doi = {10.13157/arla.67.2.2020.ra2}
}

@article{downs2008effects,
    author = {Downs, Joni A and Horner, Mark W},
    title = {{Effects of point pattern shape on home-range estimates}},
    journal = {The Journal of Wildlife Management},
    volume = {72},
    number = {8},
    pages = {1813--1818},
    year = {2008},
    doi = {10.2193/2007-454}
}

@article{elhabil2012application,
    author = {El-Habil, Abdalla M},
    title = {{An Application on Multinomial Logistic Regression Model}},
    journal = {Pakistan Journal of Statistics and Operation Research},
    volume = {8},
    number = {2},
    pages = {271--291},
    year = {2012},
    doi = {10.18187/pjsor.v8i2.234}
}

@article{ferreira2015wintering,
    author={Ferreira, Rita and Zina, Hugo and Marques, Ana Teresa and Delgado, Ana and Venade, Diogo and Costa, Hugo},
    title={{Wintering population of Red kite Milvus milvus in the Castro Verde SPA (Portugal)}},
    journal={Airo},
    volume={23},
    pages={55--60},
    year={2015}
}

@article{fieberg2007kernel,
    author = {Fieberg, John},
    title = {{Kernel density estimators of home range: smoothing and the autocorrelation red herring}},
    journal = {Ecology},
    volume = {88},
    number = {4},
    pages = {1059--1066},
    year = {2007},
    doi = {10.1890/06-0930}
}

@article{fielding_review_1997,
    author = {Fielding, Alan H. and Bell, John F.},
    title = {{A review of methods for the assessment of prediction errors in conservation presence/absence models}},
    journal = {Environmental Conservation},
    volume = {24},
    number = {1},
    pages = {38--49},
    year = {1997},
    doi = {10.1017/S0376892997000088}
}

@article{fudickar2021animal,
    author = {Fudickar, Adam M. and Jahn, Alex E. and Ketterson, Ellen D.},
    title = {{Animal Migration: An Overview of One of Nature's Great Spectacles}},
    journal = {Annual Review of Ecology, Evolution, and Systematics},
    volume = {52},
    number = {1},
    pages = {479--497},
    year = {2021},
    doi = {10.1146/annurev-ecolsys-012021-031035}
}

@article{garcia1998geographic,
    author = {Garc\'{i}a, J. T. and Vi\~{n}uela, J. and Sunyer, C.},
    title = {{Geographic variation of the winter diet of the Red Kite \textit{Milvus milvus} in the Iberian Peninsula}},
    journal = {International Journal of Avian Science},
    volume = {140},
    number = {2},
    pages = {302--309},
    year = {1998},
    doi = {10.1111/j.1474-919X.1998.tb04393.x}
}

@article{garcia2022seasonal,
    title = {{Seasonal differences in migration strategies of Red Kites (\textit{Milvus milvus}) wintering in Spain}},
    author = {Garc\'{i}a-Mac\'{i}a, Jorge and Vidal-Mateo, Javier and De La Puente, Javier and Bermejo, Ana and Raab, Rainer and Urios, Vicente},
    journal = {Journal of Ornithology},
    volume = {163},
    pages = {27--36},
    year = {2022},
    doi = {10.1007/s10336-021-01918-5}
}

@article{gurarie2016what,
    author = {Gurarie, Eliezer and Bracis, Chloe and Delgado, Maria and Meckley, Trevor D. and Kojola, Ilpo and Wagner, C. Michael},
    title = {{What is the animal doing? Tools for exploring behavioural structure in animal movements}},
    journal = {Journal of Animal Ecology},
    volume = {85},
    number = {1},
    pages = {69--84},
    year = {2016},
    doi = {10.1111/1365-2656.12379},
}

@article{halbrook2018estimated,
    author = {Halbrook, Richard S. and Petach, Marty},
    title = {{Estimated mink home ranges using various home-range estimators}},
    journal = {Wildlife Society Bulletin},
    volume = {42},
    number = {4},
    pages = {656--666},
    year = {2018},
    doi = {10.1002/wsb.924}
}

@article{hasselblad2007male,
    author = {Kristin Hasselblad and Marc Bechard},
    title = {{Male Northern Goshawk home ranges in the Great Basin of south-central Idaho}},
    journal = {Journal of Raptor Research},
    volume = {41},
    number = {2},
    pages = {150--155},
    year = {2007},
    doi = {10.3356/0892-1016(2007)41[150:MNGHRI]2.0.CO;2}
}

@article{he2022guide,
    author = {He, Peng and Klarevas-Irby, James A. and Papageorgiou, Danai and Christensen, Charlotte and Strauss, Eli D. and Farine, Damien R.},
    title = {A guide to sampling design for GPS-based studies of animal societies},
    journal = {Methods in Ecology and Evolution},
    volume = {00},
    pages = {1--19},
    year = {2022},
    doi = {10.1111/2041-210X.13999}
}

@article{houston2011breeding,
    author = {C. Stuart Houston and Philip D. McLoughlin and James T. Mandel and Marc J. Bechard and Marten J. Stoffel and David R. Barber and Keith L. Bildstein},
    title = {{Breeding Home Ranges of Migratory Turkey Vultures Near Their Northern Limit}},
    volume = {123},
    journal = {The Wilson Journal of Ornithology},
    number = {3},
    pages = {472--478},
    year = {2011},
    doi = {10.1676/10-090.1}
}

@article{hripcsak2005agreement,
    author = {George Hripcsak and Adam S. Rothschild},
    title = {{Agreement, the F-Measure, and Reliability in Information Retrieval}},
    journal = {Journal of the American Medical Informatics Association},
    volume = {12},
    number = {3},
    pages = {296--298},
    year = {2005},
    doi = {10.1197/jamia.M1733}
}

@article{hussey2015aquatic,
    author = {Nigel E. Hussey and Steven T. Kessel and Kim Aarestrup and Steven J. Cooke and Paul D. Cowley and Aaron T. Fisk and Robert G. Harcourt and Kim N. Holland and Sara J. Iverson and John F. Kocik and Joanna E. Mills Flemming and Fred G. Whoriskey},
    title = {{Aquatic animal telemetry: A panoramic window into the underwater world}},
    journal = {Science},
    volume = {348},
    number = {6240},
    pages = {1255642},
    year = {2015},
    doi = {10.1126/science.1255642}
}

@article{jaffre2013long,
    author = {Jaffr\'{e}, Mika\"{e}l and Beaugrand, Gr\'{e}gory and Goberville, \'{E}ric and Jiguet, Fr\'{e}d\'{e}ric and Kjell\'{e}n, Nils and Troost, Gerard and Dubois, Philippe J. and Lepr\^{e}tre, Alain and Luczak, Christophe},
    title = {{Long-Term Phenological Shifts in Raptor Migration and Climate}},
    journal = {PLOS ONE},
    volume = {8},
    number = {11},
    pages = {e79112},
    year = {2013},
    doi = {10.1371/journal.pone.0079112}
}

@article{joo2020navigating,
    author = {Joo, Roc\'{i}o and Boone, Matthew E. and Clay, Thomas A. and Patrick, Samantha C. and Clusella-Trullas, Susana and Basille, Mathieu},
    title = {{Navigating through the R packages for movement}},
    journal = {Journal of Animal Ecology},
    volume = {89},
    number = {1},
    pages = {248--267},
    year = {2020},
    doi = {10.1111/1365-2656.13116}
}

@article{kane2022understanding,
    author = {Adam Kane and Ara Monadjem and H.K. Ortwin Aschenborn and Keith Bildstein and AndrÃ© Botha and Claire Bracebridge and Evan R. Buechley and Ralph Buij and John P. Davies and Maria Diekmann and Colleen T. Downs and Nina Farwig and Toby Galligan and Gregory Kaltenecker and Chris Kelly and Ryno Kemp and Holger Kolberg and Monique L. MacKenzie and John Mendelsohn and Msafiri Mgumba and Ran Nathan and Aaron Nicholas and Darcy Ogada and Morgan B. Pfeiffer and W. Louis Phipps and Mattheuns D. Pretorius and Sascha RÃ¶sner and Dana G. Schabo and Gabriel Lita Shatumbu and Orr Spiegel and Lindy J. Thompson and Jan A. Venter and Munir Virani and Kerri Wolter and Corinne J. Kendall},
    title = {{Understanding continent-wide variation in vulture ranging behavior to assess feasibility of Vulture Safe Zones in Africa: Challenges and possibilities}},
    journal = {Biological Conservation},
    volume = {268},
    pages = {109516},
    year = {2022},
    doi = {10.1016/j.biocon.2022.109516},
}

@article{kays2015terrestrial,
    author = {Roland Kays and Margaret C. Crofoot and Walter Jetz and Martin Wikelski},
    title = {{Terrestrial animal tracking as an eye on life and planet}},
    journal = {Science},
    volume = {348},
    pages = {6240},
    year = {2015},
    doi = {10.1126/science.aaa2478}
}

@article{kwak2002multinomial,
    author = {Kwak, Chanyeong and Clayton-Matthews, Alan},
    title = {{Multinomial Logistic Regression}},
    journal = {Nursing Research},
    volume = {51},
    number = {6},
    pages = {404--410},
    year = {2002}
}

@article{laver2008critical,
    author = {Laver, Peter N and Kelly, Marcella J},
    title = {{A critical review of home range studies}},
    journal = {The Journal of Wildlife Management},
    volume = {72},
    number = {1},
    pages = {290--298},
    year = {2008},
    doi = {10.2193/2005-589}
}

@article{literak2022disperal,
    author = {Liter\'{a}k, Ivan and Raab, Rainer and \v{S}kr\'{a}bal, Jan and Vyhnal, Stanislav and Dost\'{a}l, Marek and Matu\v{s}\'{i}k, Hynek and Mako\v{n}, Karel and Maderi\v{c}, Boris and Spakovszky, P\'{e}ter},
    title = {{Dispersal and philopatry in Central European Red Kites Milvus milvus}},
    journal = {Journal of Ornithology},
    volume = {163},
    pages = {469--479},
    year = {2022},
    doi = {10.1007/s10336-021-01950-5}
}

@article{lyons2013home,
    author = {Lyons, Andrew J and Turner, Wendy C and Getz, Wayne M},
    title = {{Home range plus: a space-time characterization of movement over real landscapes}},
    journal = {Movement Ecology},
    volume = {1},
    pages = {2},
    year = {2013},
    doi = {10.1186/2051-3933-1-2}
}

@article{maciorowski2019autumn,
    author = {Grzegorz Maciorowski and Jakub Kosicki and MichaÅ‚ Polakowski and Maria UrbaÅ„ska and Piotr Zduniak and Piotr Tryjanowski},
    title = {{Autumn Migration of Immature Red Kites Milvus milvus from a Central European Population}},
    journal = {Acta Ornithologica},
    volume = {54},
    number = {1},
    pages = {45--50},
    year = {2019},
    doi = {10.3161/00016454AO2019.54.1.004}
}

@article{maratea2014adjusted,
    author = {Maratea, Antonio and Petrosino, Alfredo and Manzo, Mario},
    title = {{Adjusted F-measure and kernel scaling for imbalanced data learning}},
    journal = {Information Science},
    volume = {257},
    pages = {331--341},
    year = {2014},
    doi = {10.1016/j.ins.2013.04.016}
}

@article{martins2021territorial,
    title = {{Territorial behavior of the migratory Lined Seedeater during the breeding season}},
    author = {Martins, Gustavo de Melo and Cunha, Filipe C. R. and Lopes, Leonardo Esteves},
    journal = {Ornithology Research},
    volume = {29},
    number = {3},
    pages = {133--139},
    year = {2021},
    doi = {10.1007/s43388-021-00065-y}
}

@article{morales2010building,
    author = {Morales, Juan M. and Moorcroft, Paul R. and
    Matthiopoulos, Jason and Frair, Jacqueline L. and Kie, John G. and Powell, Roger A. and Merrill, Evelyn H. and Haydon, Daniel T.},
    title = {{Building the bridge between animal movement and population dynamics}},
    journal = {Philosophical Transactions of the Royal Society B:   Biological Sciences},
    volume = {365},
    number = {1550},
    pages = {2289--2301},
    year = {2010},
    doi = {10.1098/rstb.2010.0082}
}

@article{mougeot2000territorial,
    author = {Fran\c{c}ois Mougeot},
    title = {{Territorial intrusions and copulation patterns in red kites, Milvus milvus, in relation to breeding  density}},
    journal = {Animal Behaviour},
    volume = {59},
    number = {3},
    pages = {633--642},
    year = {2000},
    doi = {10.1006/anbe.1999.1373}
}

@article{nachtigall2010aktionsraum,
    author = {Nachtigall, W and Stubbe, M and Herrmann, S},
    title = {{Aktionsraum und Habitatnutzung des Rotmilans (\textit{Milvus milvus}) w{\"a}hrend der Brutzeit -- eine telemetrische Studie im Nordharzvorland}},
    journal = {Vogel und Umwelt},
    volume = {18},
    pages = {25--61},
    year = {2010}
}

@article{nathan2008movement,
    author = {Ran Nathan and Wayne M. Getz and Eloy Revilla and Marcel Holyoak and Ronen Kadmon and David Saltz and Peter E. Smouse},
    title = {{A movement ecology paradigm for unifying organismal movement research}},
    journal = {Proceedings of the National Academy of Sciences},
    volume = {105},
    number = {49},
    pages = {19052--19059},
    year = {2008},
    doi = {10.1073/pnas.0800375105}
}

@article{nathan2013milestone,
    author = {Ran Nathan and Giuggioli, Luca},
    title = {{A milestone for movement ecology research}},
    journal = {Movement Ecology},
    volume = {1},
    number = {1},
    year = {2013},
    doi = {10.1186/2051-3933-1-1}
}

@article{naegeli2021weather,
    author = {N\"{a}geli, Melanie and Scherler, Patrick and Witczak, Stephanie and Catitti, Benedetta and Aebischer, Adrian and van Bergen, Valentijn and Kormann, Urs and Gr\"{u}ebler, Martin U},
    title = {{Weather and food availability additively affect reproductive output in an expanding raptor population}},
    journal = {Oecologia},
    volume = {198},
    pages = {125--138},
    year = {2022},
    doi = {10.1007/s00442-021-05076-6}
}

@article{nilsen2008can,
    author = {Nilsen, Erlend B and Pedersen, Simen and Linnell, John DC},
    title = {{Can minimum convex polygon home ranges be used to draw biologically meaningful conclusions?}},
    journal = {Ecological research},
    volume = {23},
    pages = {635--639},
    year = {2008},
    doi = {10.1007/s11284-007-0421-9}
}

@article{ntampakis2005red,
    author={Ntampakis, Dionysios and Carter, Ian},
    title={{Red Kites and rodenticides}},
    journal={British Birds},
    volume={98},
    pages={411--416},
    year={2005}
}

@article{ohashi2005efficient,
    author = {Ohashi, Kazuharu and Thomson, James D.},
    title = "{Efficient harvesting of renewing resources}",
    journal = {Behavioral Ecology},
    volume = {16},
    number = {3},
    pages = {592--605},
    year = {2005},
    doi = {10.1093/beheco/ari031}
}

@article{orros2015widespread,
    author = {Orros, Melanie E. and Fellowes, Mark D. E.},
    title = {{Widespread supplementary feeding in domestic gardens explains the return of reintroduced Red Kites Milvus milvus to an urban area}},
    journal = {International Journal of Avian Science},
    volume = {157},
    number = {2},
    pages = {230--238},
    year = {2015},
    doi = {10.1111/ibi.12237}
}

@article{panter2022age,
    author = {Panter, Connor T. and LiterÃ¡k, Ivan and Raab, Rainer and Tolhurst, Bryony A. and White, Rachel L.},
    title = {{Age, landscape, and arrival date explain ranging behavior of wintering red kites in southwest Europe}},
    journal = {The Journal of Wildlife Management},
    volume = {86},
    pages = {e22147},
    doi = {10.1002/jwmg.22147},
    year = {2022}
}

@article{paquet2015premiers,
    author = {Paquet, Jean-Yves and van Rijn, Stef},
    title = {{Premiers enseignements sur les dÃ©placements et l'utilisation de l'espace par le Milan royal Milvus milvus en Haute-Ardenne}},
    journal = {Aves},
    volume = {52},
    number = {3},
    pages = {183--187},
    year = {2015},
    link = {https://revue.aves.be/revue/article/1477}
}

@article{pebesma2018simple,
    author = {Edzer Pebesma},
    title = {{Simple Features for R: Standardized Support for Spatial Vector Data}},
    year = {2018},
    journal = {The R Journal},
    volume = {10},
    number = {1},
    pages = {439--446},
    doi = {10.32614/RJ-2018-009}
}

@article{pfeiffer2009satelliten,
  author = {Pfeiffer, Thomas and Meyburg, Bernd-Ulrich},
  title = {{Satellitentelemetrische Untersuchungen zum Zug-und \"{U}berwinterungsverhalten th\"{u}ringischer Rotmilane \textit{Milvus milvus}}},
  journal = {Vogelwarte},
  volume = {47},
  pages = {171--187},
  year = {2009}
}

@article{pfeiffer2015gps,
    author = {Pfeiffer, Thomas and Meyburg, Bernd-Ulrich},
    title = {{GPS tracking of Red Kites (\textit{Milvus milvus}) reveals fledgling number is negatively correlated with home range size}},
    journal = {Journal of Ornithology},
    volume = {156},
    pages = {963--975},
    year = {2015},
    doi = {10.1007/s10336-015-1230-5}
}

@article{picardi2020analysis,
    author = {Picardi, Simona and Smith, Brian J. and Boone, Matthew E. and Frederick, Peter C. and Cecere, Jacopo G. and Rubolini, Diego and Serra, Lorenzo and Pirrello, Simone and Borkhataria, Rena R. and Basille, Mathieu},
    title = {{Analysis of movement recursions to detect reproductive events and estimate their fate in central place foragers}},
    journal = {Movement Ecology},
    volume = {8},
    number = {14},
    pages = {1--14},
    year = {2020},
    doi = {10.1186/s40462-020-00201-1}
}

@article{powers2011evaluation,
    author = {Powers, DMW},
    title = {{Evaluation: From Precision, Recall and F-Measure to ROC, Informedness, Markedness \& Correlation.}},
    journal = {Journal of Machine Learning Technologies},
    volume = {2},
    number = {1},
    pages =  {37--63},
    year = {2011},
    doi = {10.9735/2229-3981}
}

@article{riotte2013periodicity,
    author = {Riotte-Lambert, Louise and Benhamou, Simon and Chamaill\'{e}-Jammes, Simon},
    title = {{Periodicity analysis of movement recursions}},
    journal = {Journal of theoretical biology},
    volume = {317},
    pages = {238--243},
    year = {2013},
    doi = {10.1016/j.jtbi.2012.10.026}
}

@article{scherler2023brutbiologie,
    author = {Scherler, P. and van Bergen, V. and Cattiti, B. and Kormann, U. and Milanesi, P. and Witczak, S. and Andereggen, M. and Herzog, J. and Aebischer, A. and Roth, N. and Gr\"{u}ebler, M. U.},
    title = {{Brutbiologie des Rotmilans \textit{Milvus milvus} in den Westschweizer Voralpen}},
    journal = {Ornithologischer Beobachter},
    volume = {120},
    pages = {(under review)},
    year = {2023},
    doi = {}
}

@article{schreven2021nesting,
    author = {Schreven, Kees H. T. and Stolz, Christian and Madsen, Jesper and Nolet, Bart A.},
    title = {{Nesting attempts and success of Arctic-breeding geese can be derived with high precision from accelerometry and GPS-tracking}},
    journal = {Animal Biotelemetry},
    volume = {9},
    pages = {25},
    year = {2021},
    doi = {10.1186/s40317-021-00249-9}
}

@article{seaman1996evaluation,
    author = {Seaman, D Erran and Powell, Roger A},
    title = {{An evaluation of the accuracy of kernel density estimators for home range analysis}},
    journal = {Ecology},
    volume = {77},
    number = {7},
    pages = {2075--2085},
    year = {1996},
    doi = {10.2307/2265701}
}

@article{seaman1999effects,
    author = {D. Erran Seaman and Joshua J. Millspaugh and Brian J. Kernohan and Gary C. Brundige and Kenneth J. Raedeke and Robert A. Gitzen},
    title = {{Effects of Sample Size on Kernel Home Range Estimates}},
    journal = {The Journal of Wildlife Management},
    volume = {63},
    number = {2},
    pages = {739--747},
    year = {1999},
    doi = {10.2307/3802664}
}

@article{seoane2003effects,
    author = {J Seoane and J Vi\~{n}uela and R D\'{i}az-Delgado and J Bustamante},
    title = {{The effects of land use and climate on red kite distribution in the Iberian peninsula}},
    journal = {Biological Conservation},
    volume = {111},
    number = {3},
    pages = {401--414},
    year = {2003},
    doi = {10.1016/S0006-3207(02)00309-9}
}

@article{signer2019amt,
    author = {Signer, Johannes and Fieberg, John and Avgar, Tal},
    title = {{Animal movement tools (amt): R package for managing tracking data and conducting habitat selection analyses}},
    journal = {Ecology and Evolution},
    volume = {9},
    number = {2},
    pages = {880--890},
    year = {2019},
    doi = {10.1002/ece3.4823}
}

@article{signer2021fresh,
    author = {Signer, Johannes and Fieberg, John R},
    title = {{A fresh look at an old concept: home-range estimation in a tidy world}},
    journal = {PeerJ},
    volume = {9},
    pages = {e11031},
    year = {2021},
    doi = {10.7717/peerj.11031}
}

@article{spatz2019raumnutzung,
    author={Spatz, Theresa and Schabo, Dana G and Farwig, Nina and R\"{o}sner, Sascha},
    title={{Raumnutzung des Rotmilans Milvus milvus im Verlauf der Brutzeit: Eine Analyse mittels GPS-basierter Bewegungsdaten}},
    journal={Vogelwelt},
    volume={139},
    pages={161--169},
    year={2019}
}

@article{spatz2021zwischen,
    author = {Spatz, Theresa and R{\"o}sner, Sascha and Schabo, Dana G. and Gelpke, Christian and Farwig, Nina},
    title = {{Zwischen Revierbildung, Brutphase und Jungenaufzucht: Aktionsr{\"a}ume und Habitatnutzung adulter Rotmilane Milvus milvus in Hessen}},
    journal = {Ornithologische Mitteilungen},
    volume = {9},
    number = {10},
    pages = {},
    year = {2021},
    link = {https://www.ornithologische-mitteilungen.de}
}

@article{spatz2022sex,
    author = {Spatz, Theresa and Katzenberger, Jakob and Friess, Nicolas and Gelpke, Christian and Gottschalk, Eckhard and Hormann, Martin and Koschkar, Steffen and Pfeiffer, Thomas and StÃ¼bing, Stefan and Sudfeldt, Christoph and R{\"o}sner, Sascha and Schabo, Dana G. and Farwig, Nina},
    title = {{Sex, landscape diversity and primary productivity shape the seasonal space use of a migratory European raptor}},
    journal = {Journal of Avian Biology},
    volume = {2022},
    pages = {e02925},
    year = {2022},
    doi = {10.1111/jav.02925}
}

@article{tomkiewicz2010global,
    author = {Tomkiewicz, Stanley M. and Fuller, Mark R. and Kie, John G. and Bates, Kirk K. },
    title = {{Global positioning system and associated technologies in animal behaviour and ecological research}},
    journal = {Philosophical Transactions of the Royal Society B: Biological Sciences},
    volume = {365},
    number = {1550},
    pages = {2163-2176},
    year = {2010},
    doi = {10.1098/rstb.2010.0090}
}

@article{urbano2010wildlife,
    author = {Urbano, Ferdinando  and Cagnacci, Francesca  and Calenge, ClÃ©ment  and Dettki, Holger  and Cameron, Alison  and Neteler, Markus },
    title = {{Wildlife tracking data management: a new vision}},
    journal = {Philosophical Transactions of the Royal Society B: Biological Sciences},
    volume = {365},
    number = {1550},
    pages = {2177-2185},
    year = {2010},
    doi = {10.1098/rstb.2010.0081}
}

@article{vanwinkle1975comparison,
    author = {van Winkle, Webster},
    title = {{Comparison of several probabilistic home-range models}},
    journal = {The Journal of wildlife management},
    volume = {39},
    number = {1},
    pages = {118--123},
    year = {1975},
    doi = {10.2307/3800474}
}

@article{vehtari2017practical,
    author = {Vehtari, Aki and Gelman, Andrew and Gabry, Jonah},
    title = {{Practical Bayesian model evaluation using leave-one-out cross-validation and WAIC}},
    journal = {Statistics and Computing},
    volume = {27},
    pages = {1413--1432},
    year = {2017},
    doi = {10.1007/s11222-016-9696-4}
}

@article{welti2019carcass,
    author = {Welti, Nora and Scherler, Patrick and Gr\"{u}ebler, Martin U.},
    title = {{Carcass predictability but not domestic pet introduction affects functional response of scavenger assemblage in urbanized habitats}},
    journal = {Functional Ecology},
    volume = {34},
    number = {1},
    pages = {265--275},
    year = {2019},
    doi = {10.1111/1365-2435.13469}
}

@article{williams2020optimizing,
    author = {Williams, Hannah J. and Taylor, Lucy A. and Benhamou, Simon and Bijleveld, Allert I. and Clay, Thomas A. and de Grissac, Sophie and Dem\v{s}ar, Ur\v{s}ka and English, Holly M. and Franconi, Novella and G\'{o}mez-Laich, Agustina and Griffiths, Rachael C. and Kay, William P. and Morales, Juan Manuel and Potts, Jonathan R. and Rogerson, Katharine F. and Rutz, Christian and Spelt, Anouk and Trevail, Alice M. and Wilson, Rory P. and B\"{o}rger, Luca},
    title = {{Optimizing the use of biologgers for movement ecology research}},
    journal = {Journal of Animal Ecology},
    volume = {89},
    number = {1},
    pages = {186-206},
    year = {2020},
    doi = {10.1111/1365-2656.13094}
}

@article{worton1989kernel,
    author = {Worton, Brian J},
    title = {{Kernel Methods for Estimating the Utilization Distribution in Home-Range Studies}},
    journal = {Ecology},
    volume = {70},
    number = {1},
    pages = {164--168},
    year = {1989},
    doi = {10.2307/1938423}
}

@article{worton1995using,
    author = {Worton, Bruce J},
    title = {{Using Monte Carlo simulation to evaluate kernel-based home range estimators}},
    journal = {The Journal of wildlife management},
    volume = {59},
    number = {4},
    pages = {794--800},
    year = {1995},
    doi = {10.2307/3801959}
}





% BOOKS-----------------------------------------------------

@book{aebischer2021rotmilan,
    author = {Aebischer, Adrian and Scherler, Patrick},
    title = {{Der Rotmilan: Ein Greifvogel im Aufwind}},
    isbn = {978-3-258-08249-3},
    year = {2021},
    publisher = {Bern, Switzerland: Haupt Verlag}
}

@book{ortlieb1989rotmilan,
    author = {Ortlieb, R},
    title = {{Der Rotmilan}},
    year = {1989},
    publisher = {Lutherstadt Wittenberg, Germany: A. Ziemsen Verlag}
}





% BOOK CHAPTERS---------------------------------------------

@inbook{baumbach2013steppen,
    author = {Baumbach, Henryk},
    title = {{Das EU-LIFE-Projekt "Erhaltung und Entwicklung der Steppenrasen Th\"{u}ringens" im \"{U}berblick}},
    editor = {Baumbach, H and Pf\"{u}tzenreuter, S},
    booktitle = {{Steppenlebensr\"{a}ume Europas â€“ Gef\"{a}hrdung, Erhaltungsma{\ss}nahmen und Schutz}},
    pages = {223--248},
    publisher = {Erfurt, Germany: Th\"{u}ringer Ministerium f\"{u}r Landwirtschaft, Forsten, Umwelt und Naturschutz (TMLFUN)},
    year={2013}
}

@inbook{kernohan2001analysis,
    author = {Brian J. Kernohan and Robert A. Gitzen and Joshua J. Millspaugh},
    title = {{Analysis of Animal Space Use and Movements}},
    editor = {Joshua J. Millspaugh and John M. Marzluff},
    booktitle = {{Radio Tracking and Animal Populations}},
    pages = {125--166},
    publisher = {San Diego, California, USA: Academic Press},
    year = {2001},
    doi = {10.1016/B978-012497781-5/50006-2}
}

@inbook{mammen2013rotmilan,
    author = {Mammen, K. and Mammen, U. and Resetaritz, A.},
    title = {{Rotmilan}},
    editor = {H\"{o}tker, H. and Krone, O. and Nehls, G.},
    booktitle = {{Greifv\"{o}gel und Windkraftanlagen: Problemanalyse und L\"{o}sungsvorschl\"{a}ge. Schlussbericht fÃ¼r das Bundesministerium fÃ¼r Umwelt, Naturschutz und Reaktorsicherheit}},
    pages = {13--100},
    year = {2013},
    publisher = {Bergenhusen, Germany: Michael-Otto-Institut im NABU / Berlin, Germany: Leibniz-Institut fÃ¼r Zoo- und Wildtierforschung / Husum, Germany: BioConsult SH}
}

@inbook{mougeot2011breeding,
    author = {Mougeot, Fran\c{c}ois and Garcia, Jes\'{u}s T and Vi\~{n}uela, Javier},
    title = {{Breeding biology, behaviour, diet and conservation of the red kite (Milvus milvus), with particular emphasis on Mediterranean populations}},
    editor = {Zuberogoitia, I\~{n}igo and Mart\'{i}nez, Jos\'{e} Enrique},
    booktitle = {{Ecology and conservation of European dwelling forest raptors and owls}},
    pages = {190--204},
    year = {2011},
    publisher = {Bilbao, Spain: Diputaci{\'o}n Foral de Vizcaya}
}





% WEBSITES--------------------------------------------------

@online{birdlifefactsheet,
    author = {{BirdLife International}},
    title = {{Species factsheet: Milvus milvus}},
    url  = {https://www.birdlife.org},
    addendum = {(accessed: 22.11.2022)},
    year = {2023}
}

@online{lifeeurokiteproject,
    author = {{LIFE EUROKITE}},
    title = {{LIFE EUROKITE Project}},
    url  = {https://www.life-eurokite.eu/de/projekt.html},
    addendum = {(accessed: 15.11.2022)},
    year = {2022}
}

@online{swissornithologicalinstitute,
    author = {{Swiss Ornithological Institute}},
    title = {{Red Kite}},
    url  = {https://www.vogelwarte.ch/en/birds/birds-of-switzerland/red-kite},
    addendum = {(accessed: 22.03.2023)},
    year = {2021}
}





% OTHER PUBLICATIONS----------------------------------------
@book{birdlife2021redlist,
    author = {{BirdLife International}},
    title = {{European Red List of Birds}},
    isbn = {978-3-258-08249-3},
    year = {2021},
    publisher = {Publications Office of the European Union, Luxembourg}
}

@book{collar1988birds,
    author = {N.J. Collar and A. Andrew},
    title = {{Birds to Watch: the ICBP World Checklist of Threatened Birds}},
    year = {1988},
    publisher = {ICBP, Cambridge, UK}
}

@manual{rstudio,
    author = {{R Core Team}},
    title = {{R: A Language and Environment for Statistical Computing}},
    organization = {R Foundation for Statistical Computing},
    address = {Vienna, Austria. Version 4.2.1. Available at:},
    year = {2022},
    url = {https://www.R-project.org/}
}